@inbook{levenshtein,
	author="Левенштейн, В. И.",
	title="Двоичные коды с исправлением выпадений, вставок и замещений символов",
	publisher="-- М.: Издательство <<Наука>>, Доклады АН СССР",
	volume=163,
	chapter=4,
	pages="845--848",
	language="russian",
	year=1965
}

@misc{linux,
	title="Linux -- Документация [Электронный ресурс]",
	howpublished="Режим доступа: \url{https://docs.kernel.org} (дата обращения: 24.09.2022)"
}
