@inbook{lev,
	author    = {Левенштейн, В. И.},
	title     = {Двоичные коды с исправлением выпадений, вставок и замещений символов},
	publisher = {--- М.: <<Наука>>, Доклады АН СССР},
	year      = {1965},
	volume    = {163},
	chapter   = {4},
	pages     = {845--848},
}

@misc{nvim,
	etitle   = {Neovim},
	url      = {\url{https://neovim.io}},
    accessed = {01.11.2023},
}
