% Neovim [Электронный ресурс]. — Режим доступа: https://neovim.io (дата обращения: 01.11.2023)
@misc{nvim,
	etitle = {Neovim},
	url    = {\url{https://neovim.io}},
    accessed = {01.11.2023},
}
