@inbook{lev,
	author="Левенштейн, В. И.",
	title="Двоичные коды с исправлением выпадений, вставок и замещений символов",
	publisher="-- М.: <<Наука>>, Доклады АН СССР",
	volume=163,
	chapter=4,
	pages="845--848",
	language="russian",
	year=1965
}

@article{ldla,
	author="Погорелов Д. А. and Таразанов А. М.",
	title="Сравнительный анализ алгоритмов редакционного расстояния Левенштейна и Дамерау-Левенштейна",
	journal="Синергия Наук",
    language="russian",
	year=2019,
	url="--- Режим доступа: \url{https://elibrary.ru/item.asp?id=36907767} (дата обращения 27.10.2023)."
}
